<?xml version="1.0" encoding="UTF-8"?><collection xmlns="http://www.loc.gov/MARC21/slim"><record><leader>00608nam--2200205-u-4500</leader><controlfield tag="001">000052242</controlfield><controlfield tag="002">20161230</controlfield><controlfield tag="005">20170222163630</controlfield><controlfield tag="008">100602s1000------------r-----000-0-FRE-d</controlfield><datafield ind1=" " ind2=" " tag="040"><subfield code="a">IFIN-HH</subfield></datafield><datafield ind1=" " ind2=" " tag="041"><subfield code="a">FRE</subfield></datafield><datafield ind1=" " ind2=" " tag="080"><subfield code="a">519.21(082.1)</subfield></datafield><datafield ind1="1" ind2=" " tag="100"><subfield code="a">Fernique, X. M</subfield></datafield><datafield ind1="1" ind2="0" tag="245"><subfield code="a">Lecture notes in mathematics; ecole d'ete de probabilites de Saint-Flour IV-1974</subfield><subfield code="c">X.M. Fernique; J.P.Conze; J.Gani</subfield></datafield><datafield ind1=" " ind2=" " tag="260"><subfield code="a">Berlin</subfield><subfield code="b">Springer-Verlag</subfield><subfield code="c">1975</subfield></datafield><datafield ind1=" " ind2=" " tag="300"><subfield code="a">XI+293 p</subfield></datafield><datafield ind1=" " ind2=" " tag="490"><subfield code="a">Lecture Notes In Matematics</subfield><subfield code="v">Vol.480</subfield></datafield><datafield ind1="1" ind2=" " tag="700"><subfield code="a">Hennequin, P.-L</subfield></datafield><datafield ind1=" " ind2=" " tag="852"><subfield code="a">45390</subfield><subfield code="c">519.2</subfield></datafield><datafield ind1=" " ind2=" " tag="CAT"><subfield code="a">SYS</subfield><subfield code="c">20170222</subfield><subfield code="h">163630</subfield></datafield></record></collection>